<record><leader>00000cas a2200000 a 4500</leader><controlfield tag="001">713026792</controlfield><controlfield tag="008">110418d19651966cauwr ne      0    0eng c</controlfield><datafield ind1=" " ind2=" " tag="010"><subfield code="a">sn2011271167</subfield></datafield><datafield ind1=" " ind2=" " tag="040"><subfield code="a">CNK</subfield><subfield code="b">eng</subfield><subfield code="c">CNK</subfield><subfield code="d">OCLCQ</subfield><subfield code="d">OCLCF</subfield><subfield code="d">OCLCO</subfield></datafield><datafield ind1=" " ind2=" " tag="042"><subfield code="a">pcc</subfield></datafield><datafield ind1=" " ind2=" " tag="043"><subfield code="a">n-us-ca</subfield></datafield><datafield ind1="0" ind2="4" tag="245"><subfield code="a">The Seal Beach Leisure World news.</subfield></datafield><datafield ind1="1" ind2=" " tag="246"><subfield code="i">Published as:</subfield><subfield code="a">Leisure World Seal Beach news</subfield><subfield code="f">Dec. 1-29, 1966</subfield></datafield><datafield ind1="1" ind2="3" tag="246"><subfield code="a">Leisure World news</subfield></datafield><datafield ind1=" " ind2=" " tag="260"><subfield code="a">Leisure World, Seal Beach, Calif. :</subfield><subfield code="b">Leisure World</subfield></datafield><datafield ind1=" " ind2=" " tag="300"><subfield code="a">v.</subfield></datafield><datafield ind1=" " ind2=" " tag="310"><subfield code="a">Weekly</subfield></datafield><datafield ind1="0" ind2=" " tag="362"><subfield code="a">Vol. 2, no. 20 (Apr. 1, 1965)-v. 4, no. 6 (Dec. 26, 1966).</subfield></datafield><datafield ind1=" " ind2=" " tag="500"><subfield code="a">"Seal Beach" and "Leisure World" appear in an ornament between "The" and "News."</subfield></datafield><datafield ind1=" " ind2=" " tag="530"><subfield code="a">Master negatives are available for duplication from:</subfield><subfield code="b">California Newspaper Microfilm Archive;</subfield><subfield code="c">positive copies may be purchased by the reel; for further information consult the CNMA at:</subfield><subfield code="u">http://cbsr.ucr.edu</subfield></datafield><datafield ind1=" " ind2="0" tag="651"><subfield code="a">Leisure World (Calif.)</subfield><subfield code="v">Newspapers.</subfield></datafield><datafield ind1=" " ind2="0" tag="651"><subfield code="a">Seal Beach (Calif.)</subfield><subfield code="v">Newspapers.</subfield></datafield><datafield ind1=" " ind2="7" tag="655"><subfield code="a">Newspapers.</subfield><subfield code="2">fast</subfield><subfield code="0">(OCoLC)fst01423814</subfield></datafield><datafield ind1=" " ind2="7" tag="651"><subfield code="a">California</subfield><subfield code="z">Leisure World.</subfield><subfield code="2">fast</subfield><subfield code="0">(OCoLC)fst01252986</subfield></datafield><datafield ind1=" " ind2="7" tag="651"><subfield code="a">California</subfield><subfield code="z">Seal Beach.</subfield><subfield code="2">fast</subfield><subfield code="0">(OCoLC)fst01221562</subfield></datafield><datafield ind1=" " ind2=" " tag="752"><subfield code="a">United States</subfield><subfield code="b">California</subfield><subfield code="c">Orange</subfield><subfield code="d">Leisure World.</subfield></datafield><datafield ind1="0" ind2="0" tag="780"><subfield code="t">Leisure World news (Seal Beach, Calif.)</subfield><subfield code="w">(DLC)sn2011271166</subfield></datafield><datafield ind1="0" ind2="0" tag="785"><subfield code="t">Golden Rain Seal Beach Leisure World news</subfield><subfield code="w">(DLC)sn2011271168</subfield></datafield></record>